
@article{eren_total_2019,
	title = {Total {Vertical} {Uncertainty} ({TVU}) {Modeling} for {Topo}-{Bathymetric} {LIDAR} {Systems}},
	volume = {85},
	issn = {0099-1112},
	url = {https://www.ingentaconnect.com/content/10.14358/PERS.85.8.585},
	doi = {10.14358/PERS.85.8.585},
	language = {en},
	number = {8},
	urldate = {2022-08-07},
	journal = {Photogrammetric Engineering \& Remote Sensing},
	author = {Eren, Firat and Jung, Jaehoon and Parrish, Christopher E. and Sarkozi-Forfinski, Nicholas and Calder, Brian R.},
	month = aug,
	year = {2019},
	pages = {585--596},
	file = {Eren et al. - 2019 - Total Vertical Uncertainty (TVU) Modeling for Topo.pdf:/Users/forrest/Zotero/storage/YKPTC25Q/Eren et al. - 2019 - Total Vertical Uncertainty (TVU) Modeling for Topo.pdf:application/pdf},
}
